@inproceedings{pai2016irgl,
  author    = {Sreepathi Pai and
               Keshav Pingali},
  title     = {A compiler for throughput optimization of graph algorithms on GPUs},
  booktitle = {Proceedings of the 2016 {ACM} {SIGPLAN} International Conference on
               Object-Oriented Programming, Systems, Languages, and Applications,
               {OOPSLA} 2016, part of {SPLASH} 2016, Amsterdam, The Netherlands,
               October 30 - November 4, 2016},
  pages     = {1--19},
  year      = {2016},
  crossref  = {DBLP:conf/oopsla/2016},
  url       = {http://doi.acm.org/10.1145/2983990.2984015},
  doi       = {10.1145/2983990.2984015},
  timestamp = {Tue, 25 Oct 2016 15:23:23 +0200},
  biburl    = {http://dblp.uni-trier.de/rec/bib/conf/oopsla/PaiP16},
  bibsource = {dblp computer science bibliography, http://dblp.org}
}

@proceedings{DBLP:conf/oopsla/2016,
  editor    = {Eelco Visser and
               Yannis Smaragdakis},
  title     = {Proceedings of the 2016 {ACM} {SIGPLAN} International Conference on
               Object-Oriented Programming, Systems, Languages, and Applications,
               {OOPSLA} 2016, part of {SPLASH} 2016, Amsterdam, The Netherlands,
               October 30 - November 4, 2016},
  publisher = {{ACM}},
  year      = {2016},
  url       = {http://doi.acm.org/10.1145/2983990},
  doi       = {10.1145/2983990},
  isbn      = {978-1-4503-4444-9},
  timestamp = {Tue, 25 Oct 2016 15:06:14 +0200},
  biburl    = {http://dblp.uni-trier.de/rec/bib/conf/oopsla/2016},
  bibsource = {dblp computer science bibliography, http://dblp.org}
}

@inproceedings{wolf2015gabb,
  author    = {Michael M. Wolf and
               Jonathan W. Berry and
               Dylan T. Stark},
  title     = {A task-based linear algebra Building Blocks approach for scalable
               graph analytics},
  booktitle = {2015 {IEEE} High Performance Extreme Computing Conference, {HPEC}
               2015, Waltham, MA, USA, September 15-17, 2015},
  pages     = {1--6},
  year      = {2015},
  crossref  = {DBLP:conf/hpec/2015},
  url       = {https://doi.org/10.1109/HPEC.2015.7322450},
  doi       = {10.1109/HPEC.2015.7322450},
  timestamp = {Wed, 24 May 2017 08:30:34 +0200},
  biburl    = {http://dblp.uni-trier.de/rec/bib/conf/hpec/WolfBS15},
  bibsource = {dblp computer science bibliography, http://dblp.org}
}

@proceedings{DBLP:conf/hpec/2015,
  title     = {2015 {IEEE} High Performance Extreme Computing Conference, {HPEC}
               2015, Waltham, MA, USA, September 15-17, 2015},
  publisher = {{IEEE}},
  year      = {2015},
  url       = {http://ieeexplore.ieee.org/xpl/mostRecentIssue.jsp?punumber=7311169},
  isbn      = {978-1-4673-9286-0},
  timestamp = {Fri, 20 Nov 2015 11:24:03 +0100},
  biburl    = {http://dblp.uni-trier.de/rec/bib/conf/hpec/2015},
  bibsource = {dblp computer science bibliography, http://dblp.org}
}

@MISC{cohen2008trusses,
    author = {Jonathan Cohen},
    title = {Trusses: Cohesive Subgraphs for Social Network Analysis},
    year = {2008},
}

@inproceedings{shao2014peta,
  author    = {Yingxia Shao and
               Lei Chen and
               Bin Cui},
  title     = {Efficient cohesive subgraphs detection in parallel},
  booktitle = {International Conference on Management of Data, {SIGMOD} 2014, Snowbird,
               UT, USA, June 22-27, 2014},
  pages     = {613--624},
  year      = {2014},
  crossref  = {DBLP:conf/sigmod/2014},
  url       = {http://doi.acm.org/10.1145/2588555.2593665},
  doi       = {10.1145/2588555.2593665},
  timestamp = {Mon, 23 May 2016 12:16:24 +0200},
  biburl    = {http://dblp.uni-trier.de/rec/bib/conf/sigmod/ShaoCC14},
  bibsource = {dblp computer science bibliography, http://dblp.org}
}

@proceedings{DBLP:conf/sigmod/2014,
  editor    = {Curtis E. Dyreson and
               Feifei Li and
               M. Tamer {\"{O}}zsu},
  title     = {International Conference on Management of Data, {SIGMOD} 2014, Snowbird,
               UT, USA, June 22-27, 2014},
  publisher = {{ACM}},
  year      = {2014},
  url       = {http://dl.acm.org/citation.cfm?id=2588555},
  isbn      = {978-1-4503-2376-5},
  timestamp = {Mon, 23 May 2016 12:16:24 +0200},
  biburl    = {http://dblp.uni-trier.de/rec/bib/conf/sigmod/2014},
  bibsource = {dblp computer science bibliography, http://dblp.org}
}

@article{sun2012billionnode,
  author    = {Zhao Sun and
               Hongzhi Wang and
               Haixun Wang and
               Bin Shao and
               Jianzhong Li},
  title     = {Efficient Subgraph Matching on Billion Node Graphs},
  journal   = {{PVLDB}},
  volume    = {5},
  number    = {9},
  pages     = {788--799},
  year      = {2012},
  url       = {http://vldb.org/pvldb/vol5/p788_zhaosun_vldb2012.pdf},
  timestamp = {Thu, 31 May 2012 16:08:37 +0200},
  biburl    = {http://dblp.uni-trier.de/rec/bib/journals/pvldb/SunWWSL12},
  bibsource = {dblp computer science bibliography, http://dblp.org}
}

@inproceedings{han2013turboiso,
  author    = {Wook{-}Shin Han and
               Jinsoo Lee and
               Jeong{-}Hoon Lee},
  title     = {Turbo\({}_{\mbox{iso}}\): towards ultrafast and robust subgraph isomorphism
               search in large graph databases},
  booktitle = {Proceedings of the {ACM} {SIGMOD} International Conference on Management
               of Data, {SIGMOD} 2013, New York, NY, USA, June 22-27, 2013},
  pages     = {337--348},
  year      = {2013},
  crossref  = {DBLP:conf/sigmod/2013},
  url       = {http://doi.acm.org/10.1145/2463676.2465300},
  doi       = {10.1145/2463676.2465300},
  timestamp = {Wed, 26 Jun 2013 09:37:17 +0200},
  biburl    = {http://dblp.uni-trier.de/rec/bib/conf/sigmod/HanLL13},
  bibsource = {dblp computer science bibliography, http://dblp.org}
}

@proceedings{DBLP:conf/sigmod/2013,
  editor    = {Kenneth A. Ross and
               Divesh Srivastava and
               Dimitris Papadias},
  title     = {Proceedings of the {ACM} {SIGMOD} International Conference on Management
               of Data, {SIGMOD} 2013, New York, NY, USA, June 22-27, 2013},
  publisher = {{ACM}},
  year      = {2013},
  url       = {http://dl.acm.org/citation.cfm?id=2463676},
  isbn      = {978-1-4503-2037-5},
  timestamp = {Wed, 26 Jun 2013 08:41:29 +0200},
  biburl    = {http://dblp.uni-trier.de/rec/bib/conf/sigmod/2013},
  bibsource = {dblp computer science bibliography, http://dblp.org}
}

@inproceedings{bi2016postonecartesianproducts,
  author    = {Fei Bi and
               Lijun Chang and
               Xuemin Lin and
               Lu Qin and
               Wenjie Zhang},
  title     = {Efficient Subgraph Matching by Postponing Cartesian Products},
  booktitle = {Proceedings of the 2016 International Conference on Management of
               Data, {SIGMOD} Conference 2016, San Francisco, CA, USA, June 26 -
               July 01, 2016},
  pages     = {1199--1214},
  year      = {2016},
  crossref  = {DBLP:conf/sigmod/2016},
  url       = {http://doi.acm.org/10.1145/2882903.2915236},
  doi       = {10.1145/2882903.2915236},
  timestamp = {Sat, 18 Jun 2016 14:32:22 +0200},
  biburl    = {http://dblp.uni-trier.de/rec/bib/conf/sigmod/BiCLQZ16},
  bibsource = {dblp computer science bibliography, http://dblp.org}
}

@proceedings{DBLP:conf/sigmod/2016,
  editor    = {Fatma {\"{O}}zcan and
               Georgia Koutrika and
               Sam Madden},
  title     = {Proceedings of the 2016 International Conference on Management of
               Data, {SIGMOD} Conference 2016, San Francisco, CA, USA, June 26 -
               July 01, 2016},
  publisher = {{ACM}},
  year      = {2016},
  url       = {http://doi.acm.org/10.1145/2882903},
  doi       = {10.1145/2882903},
  isbn      = {978-1-4503-3531-7},
  timestamp = {Sat, 18 Jun 2016 14:32:00 +0200},
  biburl    = {http://dblp.uni-trier.de/rec/bib/conf/sigmod/2016},
  bibsource = {dblp computer science bibliography, http://dblp.org}
}

@article{rodriguez2015gremlin,
  author    = {Marko A. Rodriguez},
  title     = {The Gremlin Graph Traversal Machine and Language},
  journal   = {CoRR},
  volume    = {abs/1508.03843},
  year      = {2015},
  url       = {http://arxiv.org/abs/1508.03843},
  timestamp = {Tue, 01 Sep 2015 14:42:40 +0200},
  biburl    = {http://dblp.uni-trier.de/rec/bib/journals/corr/Rodriguez15},
  bibsource = {dblp computer science bibliography, http://dblp.org}
}

@article{polak2015gputriangles,
  author    = {Adam Polak},
  title     = {Counting Triangles in Large Graphs on {GPU}},
  journal   = {CoRR},
  volume    = {abs/1503.00576},
  year      = {2015},
  url       = {http://arxiv.org/abs/1503.00576},
  timestamp = {Thu, 09 Apr 2015 11:33:20 +0200},
  biburl    = {http://dblp2.uni-trier.de/rec/bib/journals/corr/Polak15},
  bibsource = {dblp computer science bibliography, http://dblp.org}
}

@inproceedings{pingali2011galois,
  author    = {Keshav Pingali and
               Donald Nguyen and
               Milind Kulkarni and
               Martin Burtscher and
               Muhammad Amber Hassaan and
               Rashid Kaleem and
               Tsung{-}Hsien Lee and
               Andrew Lenharth and
               Roman Manevich and
               Mario M{\'{e}}ndez{-}Lojo and
               Dimitrios Prountzos and
               Xin Sui},
  title     = {The tao of parallelism in algorithms},
  booktitle = {Proceedings of the 32nd {ACM} {SIGPLAN} Conference on Programming
               Language Design and Implementation, {PLDI} 2011, San Jose, CA, USA,
               June 4-8, 2011},
  pages     = {12--25},
  year      = {2011},
  crossref  = {DBLP:conf/pldi/2011},
  url       = {http://doi.acm.org/10.1145/1993498.1993501},
  doi       = {10.1145/1993498.1993501},
  timestamp = {Tue, 07 Jun 2011 16:07:38 +0200},
  biburl    = {http://dblp.uni-trier.de/rec/bib/conf/pldi/PingaliNKBHKLLMMPS11},
  bibsource = {dblp computer science bibliography, http://dblp.org}
}

@proceedings{DBLP:conf/pldi/2011,
  editor    = {Mary W. Hall and
               David A. Padua},
  title     = {Proceedings of the 32nd {ACM} {SIGPLAN} Conference on Programming
               Language Design and Implementation, {PLDI} 2011, San Jose, CA, USA,
               June 4-8, 2011},
  publisher = {{ACM}},
  year      = {2011},
  isbn      = {978-1-4503-0663-8},
  timestamp = {Tue, 07 Jun 2011 16:07:38 +0200},
  biburl    = {http://dblp.uni-trier.de/rec/bib/conf/pldi/2011},
  bibsource = {dblp computer science bibliography, http://dblp.org}
}
